@phdthesis{lois23,
  title  = {Complete spectroscopy of 16C and 20O with solid and active targets using transfer reactions},
  author = {Juan Lois Fuentes},
  year   = 2023,
  month  = {7},
  note   = {Available at \url{http://hdl.handle.net/10347/30947}},
  school = {Universidade de Santiago de Compostela}
}